@webpage{cryptrec,
  title        = {TLS 暗号設定ガイドライン ver.3.0.1},
  author       = {},
  organization = {Cryptography Research and Evaluation Committees},
  url          = {\url{https://www.cryptrec.go.jp/report/cryptrec-gl-3001-3.0.1.pdf}},
  refdate      = {2024-01-15}
}

@inproceedings{,
  author    = {{}},
  title     = {},
  booktitle = {},
  pages     = {},
  month     = 2,
  year      = 2024
}

@bachelorsthesis{,
  author = {{}},
  title  = {},
  school = {},
  month  = 2,
  year   = 2024
}